@article{Li_2016,
	doi = {10.3847/0004-637x/817/2/169},
  
	url = {https://doi.org/10.3847%2F0004-637x%2F817%2F2%2F169},
  
	year = 2016,
	month = {jan},
  
	publisher = {American Astronomical Society},
  
	volume = {817},
  
	number = {2},
  
	pages = {169},
  
	author = {Tony Y. Li and Risa H. Wechsler and Kiruthika Devaraj and Sarah E. Church},
  
	title = {{CONNECTING} {CO} {INTENSITY} {MAPPING} {TO} {MOLECULAR} {GAS} {AND} {STAR} {FORMATION} {IN} {THE} {EPOCH} {OF} {GALAXY} {ASSEMBLY}
},
  
	journal = {The Astrophysical Journal}
}


@article{Stein_2018,
	doi = {10.1093/mnras/sty3226},
  
	url = {https://doi.org/10.1093%2Fmnras%2Fsty3226},
  
	year = 2018,
	month = {nov},
  
	publisher = {Oxford University Press ({OUP})},
  
	volume = {483},
  
	number = {2},
  
	pages = {2236--2250},
  
	author = {George Stein and Marcelo A Alvarez and J Richard Bond},
  
	title = {The mass-Peak Patch algorithm for fast generation of deep all-sky dark matter halo catalogues and its$\less$i$\greater$N$\less$/i$\greater$-body validation},
  
	journal = {Monthly Notices of the Royal Astronomical Society}
}


@online{Karkare,

    author = {Kirit S. Karkare},
    
	title = {Line Intensity Mapping},
	url = {https://scholar.harvard.edu/kkarkare/line-intensity-mapping},
	urldate = {2022-05-16},
	langid = {english},
	file = {Snapshot:/Users/patrickhorlaville/Zotero/storage/JN3RC6CU/line-intensity-mapping.html:text/html}
}